
@article{Kuo2007422,
	title = "Ergodic theory and the Strong Law of Large Numbers on Riesz spaces ",
	journal = "Journal of Mathematical Analysis and Applications ",
	volume = "325",
	number = "1",
	pages = "422 - 437",
	year = "2007",
	note = "",
	issn = "0022-247X",
	doi = "http://dx.doi.org/10.1016/j.jmaa.2006.01.056",
	url = "http://www.sciencedirect.com/science/article/pii/S0022247X06000655",
	author = "Wen-Chi Kuo and Coenraad C.A. Labuschagne and Bruce A. Watson",
	keywords = "Law of large numbers "
}

